:20:21766916
:25:70050000/4213299
:28C:39/1
:60F:C210224EUR11657017,94
:61:2102250225CR0,71NTRFSEPA-20210217210//0000000000000001
:86:192?00SEPA-LASTSCHRIFT-CORE AUSG?100000001706?20ANZ. SEPA COR 000
0001?21REF. SEPA-20210217210008-40?22133200-P1     EINR.ART. DDC?
23VORMERKREF. 4340-02-23-13.4?247.01.140931?25EREF+A17022021.3924
92.37655?262.391933
:62F:C210225EUR11657183,83
-
