:20:DEUTDEMMXXX
:25:DE19662800530622160900
:28C:00111/1
:60F:C210330EUR0,00
:61:2103310331C50,00 NTRFNONREF//2109025460313532
:86:166?00SEPA-GUTSCHRIFT?109075/611?20EREF+NOTPROVIDED SVWZ+VERTR?21
:KO:NR:401113172APRIL 2021?30DEUTDEDB237?31DE93230707000621787100
?32XXXXXXA MXXXXXX
:62F:C210331EUR0,00
-
