:20:01LGX08DLMWH5GWA
:25:25040066/0123456789
:28C:00143/1
:60F:C200605EUR0,00
:61:2006080608D12,35 NRTIKREF+//2016021783252833
/OCMT/EUR11,85//CHGS/EUR0,50/
:86:109?00SEPA-LASTSCHR. RETOURE CORE?109075/629?20EREF+A1.200080779.
400143254?21.4961336 KREF+SEPA-DA202006?2201221740-34972000-P1 MR
EF+2?230852HW2723821 CRED+DE41EON0?240000129793 OAMT+11,85 SVWZ+?
25SONSTIGE GRUENDE ENDABRECHN?26UNG NR. 500106875 ZU VERTRA?2740
0143254, KUNDENNUM MER 2?2802227779?30CSDBDE71XXX?31DE50712345600
200691329?32TESTER?33EL
:62F:C200608EUR0,00
-
