0000  01INGBNL2AXXXX00001
0000 01INGBNL2AXXXX00001
940 00
:20:ING
:25:1234567
:28C:000
:60F:C100722EUR0,00
:61:100722D25,03NTRFPREF//12451300037112
/TRCD/00200/
:86: RC AFREKENING BETALINGSVERKEER
BETREFT REKENING 4715589 PERIODE: 01-10-2010 / 31-12-2010
ING Bank N.V. tarifering ING
:61:100723D10,00NTRFPREF//12451300037112
/TRCD/00200/
:86:/PREF/SEPA-20210824200507-86139300-P1//REMI/USTD//TOTAAL 1 VZ/
:61:100723D10,00NTRFPREF//12451300037112
/TRCD/00200/
:86:/PREF/SEPA-20210824200507-86139300-P1//REMI/USTD//TOTAAL 1 VZ/
:61:100723D10,00NTRFPREF//12451300037112
/TRCD/00200/
:86:/PREF/SEPA-20210824200507-86139300-P1//REMI/USTD//TOTAAL 1 VZ/
:61:100723D10,00NTRFPREF//12451300037112
/TRCD/00200/
:86:/PREF/SEPA-20210824200507-86139300-P1//REMI/USTD//TOTAAL 1 VZ/
:61:100723D10,00NTRFPREF//12451300037112
/TRCD/00200/
:86:/PREF/SEPA-20210824200507-86139300-P1//REMI/USTD//TOTAAL 1 VZ/
:61:100723C10,00NCMIPPM6339365//12453100006764
/TRCD/05001/
:86:/CNTP/NL21INGB0650141172//Rexel Holding Netherlands B.V.///REMI/U
STD//POOL-M NL21INGB0650141172 POOL-S NL30INGB0008693687 PPM63393
65 02/09/2021/
:62F:C100722EUR0,00
:64:C100722EUR0,00
:65:C210903EUR0,00
:65:C210904EUR0,00
:86:D000001C000001D10,00C10,00
-XXX
