0000 01INGBNL2AXXXX00001
0000 01INGBNL2AXXXX00001
940 00
:20:ING
:25:0001234567
:28C:000
:60F:C100722EUR0,00
:61:210906C2,00NDDTPREF//12490100094319
/TRCD/01010/
:86:/PREF/SEPA-20210823090009-45153900-P1//CSID/NL64ZZZ242678500002//
REMI/USTD//TOTAAL 1 POSTEN/
:61:100723C2,00NDDTPREF//12490100094319
/TRCD/01010/
:86:/PREF/SEPA-20210823090009-45153900-P1//CSID/NL64ZZZ242678500002//
REMI/USTD//TOTAAL 1 POSTEN/
:61:100723C2,00NDDTPREF//12490100094319
/TRCD/01010/
:86:/PREF/SEPA-20210823090009-45153900-P1//CSID/NL64ZZZ242678500002//
REMI/USTD//TOTAAL 1 POSTEN/
:61:100723C2,00NDDTPREF//12490100094319
/TRCD/01010/
:86:/PREF/SEPA-20210823090009-45153900-P1//CSID/NL64ZZZ242678500002//
REMI/USTD//TOTAAL 1 POSTEN/
:61:100723C2,00NDDTPREF//12490100094319
/TRCD/01010/
:86:/PREF/SEPA-20210823090009-45153900-P1//CSID/NL64ZZZ242678500002//
REMI/USTD//TOTAAL 1 POSTEN/
:61:100723C2,00NDDTPREF//12490100094319
/TRCD/01010/
:86:/PREF/SEPA-20210823090009-45153900-P1//CSID/NL64ZZZ242678500002//
REMI/USTD//TOTAAL 1 POSTEN/
:61:100723D2,00NCMIPPS6355272//12493100006313
/TRCD/05001/
:86:/CNTP/NL21INGB0650141172//Rexel Holding Netherlands B.V.///REMI/U
STD//POOL-M NL21INGB0650141172 POOL-S NL30INGB0008693687 PPS63552
72 06/09/2021/
:62F:C210906EUR0,00
:64:C210906EUR0,00
:65:C210907EUR0,00
:65:C210908EUR0,00
:86:D000001C000001D2,00C2,00
-XXX
