0000 01INGBNL2AXXXX00001
0000 01INGBNL2AXXXX00001
940 00
:20:ING
:25:NL30INGB0008693***EUR
:28C:110
:60F:C230419EUR0,00
:61:230420D768,51NTRFPREF//31100900061605
/TRCD/00200/
:86:/PREF/SEPA-20230418220132-60947700-P1//REMI/USTD//TOTAAL 5 VZ/
:61:230420C105,20NTRFNONREF//31101100047720
/TRCD/00100/
:86:/CNTP/NL71ABNA0841238***/ABNANL2A/GREENFLUX ASSETS BV///REMI/USTD
//Nr. LNT22000057 / 21.2.2023Nr. LNT22000079 / 21.3.2023Nr. LNT22
000068 / 21.2.2023/
:61:230420C335,53NTRFEREF//31102000055044
/TRCD/00100/
:86:/EREF/SCT-1-BO230019-R1//CNTP/NL68RABO0106200***/RABONL2U/Lambrix
 Elektrotechniek///REMI/USTD//110130590/
:61:230420C327,78NCMIPPM9455956//31103100006242
/TRCD/05001/
:86:/CNTP/NL21INGB0650141***//Rexel Holding Netherlands B.V.///REMI/U
STD//POOL-M NL21INGB0650141172 POOL-S NL30INGB0008693687 PPM94559
56 20/04/2023/
:62F:C230420EUR0,00
:64:C230420EUR0,00
:65:C230421EUR0,00
:65:C230422EUR0,00
:86:D000001C000003D768,51C768,51
-XXX
