:20:940311220001001
:21:0000000000000000
:25:50050000/0090085309
:28C:1
:60F:D201231EUR0,00
:61:2012311231D0,00NMSCNONREF
:86:835?00SONSTIGE NICHT DEF.GV-ARTEN?1059777?20 RECHNUNGSABSCHLUSS P
ER?2131.12.2020 GEM. 355 HGB?22 ABSCHL.SALDO PER: 31.12.20?23EUR
0,00?24 DIESER KONTOAUSZUG GILT IM?25ZUSAMMENHANG MIT DEN?26ZUGRU
NDELIEGENDEN?27VERTRAEGEN ALS RECHNUNG?28 IM SINNE USTG.
:62F:D201231EUR0,00
-
