:20:LBBW
:21:NONREF
:25:12345678/1324357
:28C:1
:60F:C210120EUR0,00
:61:2102080208D0,01NCMZNONREF
:86:834?00KONTENPOOL?102?20BUCHUNG AUF KTO 7402050699?21BANKLEITZAHL
60050101?3060050101?3111111111
:61:2102080208C0,01NCOLKREF+//202102040007693
:86:171?00SEPA EINZUGSAUFTRAG?101?20KREF+SEPA-20210203175805-00?21154
800-P1?22SVWZ+E-MOBILITY ABRECHNUNG?23NR. 28 ZU VERTRAG 9433, KUN
?24DENNUMMER 11111?30SOLADEST600?31DE59600501010007907986?32NIC R
ICHTER
:62F:C210208EUR0,00
-
