:20:STARTUMS
:25:DE12345678900022805304
:28C:1/1
:60F:C210204EUR279998,57
:61:2106170617C1727,00N051NONREF
:86:166?00GUTSCHRIFT?100004770?20SVWZ+Kunden-Nr. 20389020 Ve?21rtrags
-Nr. 1000620785?30ABCDEFGHIJK?31DE41292500000123456789?32Projektg
emeinschaft XXXXXX?33+ XXXXXXGmbH + Co. KG?35EWE Vertrieb GmbH
:62F:C210605EUR0,00
-
