:20:TELEREPORTING
:21:TELEREPORTING
:25:12345678/0123456789EUR
:28C:00001/00001
:60F:C240731EUR0,00
:61:2408010801D10,00NCOMNONREF//TB-CA-TB001ZQ0
BNPP Fees - 202408DE00292772
:86:808?00ENTGELTE / FEES?20BNPP Fees - 202408DE1234567?212 - 07/2024
/?32INVOICE
:62F:D240801EUR10,00
-
:20:TELEREPORTING
:21:TELEREPORTING
:25:51210600/3023166036EUR
:28C:00001/00001
:60F:C240731EUR0,00
:61:2408010801D10,00NCOMNONREF//TB-CA-TB001ZQ0
BNPP Fees - 202408DE00292772
:86:808?00ENTGELTE / FEES?20BNPP Fees - 202408DE1234567?212 - 07/2024
/?32INVOICE
:62F:D240801EUR10,00
-
