:20:00001150-0001
:25:CCRALULL/LU1234567890123456789
:28C:001/0001
:60F:C220228EUR000000000000,00
:61:2202280228CR000000000001,00N229NONREF//FT22059PGV08
:86:229
?00BONIFICATION
?20BONIFICATION
?21test trt
?22FT22059PGV08
?30CCRALULLXXX
?32ABC
?60ABC
?612 Max Mustermann,
?62L-3372 LEUDELANGE
:62F:C220228EUR000000000001,00
