:20:STARTUMS
:25:66642399/93387
:28C:0
:60F:C200219EUR3085,00
:61:200219C65,00NMSC
:86:166?00UEBERWEISUNG?10931?20SVWZ+einfach so fuer euch 
?21 IBAN: DE40500105174675974588 BIC: HEISDE66
?30HEISDE66?31DE40500105174675974588?32Olivia Dorn
:61:200219C80,00NMSC
:86:166?00UEBERWEISUNG?10931?20SVWZ+Beitrag Musical fuer F
?21RIDA inklusi?22ve 1 CD IBAN: DE10500105174
?23381957749 BIC: KRHADE21 ?30KRHADE21?31DE10500105174381957749
?32friedbert und ronja engel
:62F:C200219EUR3230,00
-
:20:STARTUMS
:25:66642399/93387
:28C:0
:60F:C200221EUR3230,00
:61:200221C80,00NMSC
:86:166?00UEBERWEISUNG?10931?20SVWZ+Musical Emilio CD
?21IBAN: DE835?2200105179219844142 BIC: SBCR
?23DE66 ?30SBCRDE66?31DE83500105179219844142?32Antonio Sueto
:62F:C200221EUR3310,00
-
:20:STARTUMS
:25:66642399/93387
:28C:0
:60F:C200224EUR3310,00
:61:200224C55,00NMSC
:86:166?00UEBERWEISUNG?10931?20EREF+ZV01002841909493000000
?2102 ?22SVWZ+Musical Sonja Schulz C
?23D EREF: ZV01002841909493000?2400002 IBAN: DE8850010517828
?255756556 BIC: SAKSDE55 ?30SAKSDE55?31DE88500105178285756556
?32Thomas Schulz
:61:200224C65,00NMSC
:86:166?00UEBERWEISUNG?10931?20SVWZ+musical spende
?21 IBAN: DE16500105?22178726218653 BIC: SBCRDE66
?30SBCRDE66?31DE16500105178726218653?32Yasmin OENOEGLUE
:62F:C200224EUR3430,00
-
:20:STARTUMS
:25:66642399/93387
:28C:0
:60F:C200225EUR3430,00
:61:200225C80,00NMSC
:86:166?00UEBERWEISUNG?10931?20SVWZ+Musical, Martin Hellwig,
?21plus CD IBAN: DE?2242500105171213694382 BIC: 
?23SOLSDE33 ?30DSOLSDE33?31DE42500105171213694382
?32Hellwig, Annegret, Hellwig,?33 Dieter
:61:200225C55,00NMSC
:86:166?00UEBERWEISUNG?10931?20SVWZ+Musical, carmen Fu
?21rter, Plus CD IBAN: DE355001?2205172334664338 BIC: SPBIDE3?23B 
?30SPBIDE3B?31DE35500105172334664338?32Werner Furter
:61:200225C55,00NMSC
:86:166?00UEBERWEISUNG?10931?20EREF+ZV01002842845923000000
?2102 ?22SVWZ+Musical Ruth, Kevin Vo
?23gthaupt, plus CD EREF: ZV01?2400284284592300000002 IBAN: 
?25DE81500105175436439494 BIC:?26 ULMVDE66 ?30ULMVDE66
?31DE81500105175436439494?32Helmut und Ulrike Vogthaupt
:62F:C200225EUR3620,00
-
:20:STARTUMS
:25:66642399/93387
:28C:0
:60F:C200226EUR3620,00
:61:200226C65,00NMSC
:86:166?00UEBERWEISUNG?10931?20SVWZ+Musical Lukas und Esmeralda 
?21 IBAN: DE29500105179?22614179699 BIC: WELADE8L
?30WELADE8L?31DE29500105179614179699?32Heinz Schoen
:62F:C200226EUR3685,00
-
:20:STARTUMS
:25:66642399/93387
:28C:0
:60F:C200228EUR3685,00
:61:200228C50,00NSTO
:86:152?00DA-GUTSCHRIFT?10931?20PURP+RINP Dauerauftrag/Rate
?21SVWZ+Spende IBAN: DE3150010?225174278239442 BIC: NORSDE51
?30NORSDE51?31DE31500105174278239442?32Edeltraud Meyer
:62F:C200228EUR3735,00
-
:20:STARTUMS
:25:66642399/93387
:28C:0
:60F:C200302EUR3735,00
:61:200302C40,00NMSC
:86:166?00UEBERWEISUNG?10931?20SVWZ+Musical Ruth Musical Ruth
?21  Kim Chong IBAN: DE18500105177?22615914228 BIC: NOLADE22
?30NOLADE22?31DE18500105177615914228?32Wu Chong
:62F:C200302EUR3775,00
-
:20:STARTUMS
:25:66642399/93387
:28C:0
:60F:C200310EUR3775,00
:61:200310C55,00NMSC
:86:166?00UEBERWEISUNG?10931?20SVWZ+MUSICAL RUTH, AARON
?21, CD IBAN: DE81500105171714?22979786 BIC: SDUEDE33
?30SDUEDE33?31DE81500105171714979786
?32Kannen, Manfred und Kristin
:62F:C200310EUR3830,00
-
