:20:STARTUMS MC
:25:28020050/1324354687
:28C:135/1
:60F:C180713EUR0,
:61:1807160716C104,50N051NONREF
:86:166?00GUTSCHRIFT?100004770?20WOHNBAU DIEPHOLZ GMBH?21EREF+NOTPROVIDED?22SVWZ+EWE,ENERGIEAUSWEIS RG.?23-NR. 1234567890 KD.-NR. 123?2477777?30AARBDE5W250?31DE99123456771234567888?32WOHNBAU DIEPHOLZ GMBH?35EWE VERTRIEB GMBH
:62F:C180716EUR0,
-
