{1:F01SNSBNL2AXXXX0000000000}{2:O94000000000000000000000000000000000000000N}{3:}{4:
:20:0000000000
:25:0123456789
:28C:160/1
:60F:C120608EUR1234,56
:61:1206070608D25,00NIOB0987654321
marechal s
:86:0987654321 marechal s
                                                                 
dit is een test                                                  
                                                                 
                                                                 
:62F:C120608EUR1209,56
-}{5:}
{1:F01SNSBNL2AXXXX0000000000}{2:O94000000000000000000000000000000000000000N}{3:}{4:
:20:0000000000
:25:0123456789
:28C:161/1
:60F:C120609EUR1209,56
:62F:C120609EUR1209,56
-}{5:}
